@manual{ARMv6,
  title = "ARM Architecture Reference Manual", 
  author = "ARM",
  edition = "ARMv6"
}

@manual{ARMv7,
  title = "ARM Architecture Reference Manual", 
  author = "ARM",
  edition = "ARMv7-A and ARMv7-R"
}

@manual{HP,
  title = "Data Execution Prevention",
  author = "HP",
  edition = "1.2",
  url = {http://h10032.www1.hp.com/ctg/Manual/c00387685.pdf}
}

@article{Demme:2013:FOM:2508148.2485970,
 author = {Demme, John and Maycock, Matthew and Schmitz, Jared and Tang, Adrian and Waksman, Adam and Sethumadhavan, Simha and Stolfo, Salvatore},
 title = {On the Feasibility of Online Malware Detection with Performance Counters},
 journal = {SIGARCH Comput. Archit. News},
 issue_date = {June 2013},
 volume = {41},
 number = {3},
 month = jun,
 year = {2013},
 issn = {0163-5964},
 pages = {559--570},
 numpages = {12},
 url = {http://doi.acm.org/10.1145/2508148.2485970},
 doi = {10.1145/2508148.2485970},
 acmid = {2485970},
 publisher = {ACM},
 address = {New York, NY, USA},
 keywords = {machine learning, malware and its mitigation, malware detection, performance counters, security in hardware},
}

@article{DBLP:journals/corr/TangSS14,
  author    = {Adrian Tang and
               Simha Sethumadhavan and
               Salvatore J. Stolfo},
  title     = {Unsupervised Anomaly-based Malware Detection using Hardware Features},
  journal   = {CoRR},
  volume    = {abs/1403.1631},
  year      = {2014},
  url       = {http://arxiv.org/abs/1403.1631},
  timestamp = {Tue, 01 Apr 2014 11:56:46 +0200},
  biburl    = {http://dblp.uni-trier.de/rec/bib/journals/corr/TangSS14},
  bibsource = {dblp computer science bibliography, http://dblp.org}
}

@online{RPI,
  author = {Raspberry Pi},
  title = {{Raspberry Pi 2 Model B}},
  year = 2015,
  url = {https://www.raspberrypi.org/products/raspberry-pi-2-model-b/},
  urldate = {2015-11-12}
}
